%YAML 1.1
%TAG !u! tag:unity3d.com,2011:
--- !u!1 &7327443822399084774
GameObject:
  m_ObjectHideFlags: 0
  m_CorrespondingSourceObject: {fileID: 0}
  m_PrefabInstance: {fileID: 0}
  m_PrefabAsset: {fileID: 0}
  serializedVersion: 6
  m_Component:
  - component: {fileID: 7327443822399084775}
  - component: {fileID: -557309783548734800}
  m_Layer: 5
  m_Name: 0
  m_TagString: Untagged
  m_Icon: {fileID: 0}
  m_NavMeshLayer: 0
  m_StaticEditorFlags: 0
  m_IsActive: 1
--- !u!224 &7327443822399084775
RectTransform:
  m_ObjectHideFlags: 0
  m_CorrespondingSourceObject: {fileID: 0}
  m_PrefabInstance: {fileID: 0}
  m_PrefabAsset: {fileID: 0}
  m_GameObject: {fileID: 7327443822399084774}
  m_LocalRotation: {x: 0, y: 0, z: 0, w: 1}
  m_LocalPosition: {x: 0, y: 0, z: 0}
  m_LocalScale: {x: 1, y: 1, z: 1}
  m_Children:
  - {fileID: 6246401716852952570}
  - {fileID: 8937947152243600484}
  - {fileID: 3729484948411261360}
  m_Father: {fileID: 0}
  m_RootOrder: 0
  m_LocalEulerAnglesHint: {x: 0, y: 0, z: 0}
  m_AnchorMin: {x: 0.5, y: 0.5}
  m_AnchorMax: {x: 0.5, y: 0.5}
  m_AnchoredPosition: {x: 0, y: 0}
  m_SizeDelta: {x: 100, y: 100}
  m_Pivot: {x: 0.5, y: 0.5}
--- !u!114 &-557309783548734800
MonoBehaviour:
  m_ObjectHideFlags: 0
  m_CorrespondingSourceObject: {fileID: 0}
  m_PrefabInstance: {fileID: 0}
  m_PrefabAsset: {fileID: 0}
  m_GameObject: {fileID: 7327443822399084774}
  m_Enabled: 1
  m_EditorHideFlags: 0
  m_Script: {fileID: 11500000, guid: 68eca3d3df327d7479d4875409cde69f, type: 3}
  m_Name: 
  m_EditorClassIdentifier: 
  targetTransform: {fileID: 0}
  type: 0
  willingType: 0
  mask:
  - {fileID: 323840687257027521}
  - {fileID: 2306561867239893337}
  - {fileID: 476471347299598450}
--- !u!1001 &7327443823059699481
PrefabInstance:
  m_ObjectHideFlags: 0
  serializedVersion: 2
  m_Modification:
    m_TransformParent: {fileID: 7327443822399084775}
    m_Modifications:
    - target: {fileID: 6228906650198255273, guid: 66756eec4d4803d478496d452cbce864,
        type: 3}
      propertyPath: m_Pivot.x
      value: 0.5
      objectReference: {fileID: 0}
    - target: {fileID: 6228906650198255273, guid: 66756eec4d4803d478496d452cbce864,
        type: 3}
      propertyPath: m_Pivot.y
      value: 0.5
      objectReference: {fileID: 0}
    - target: {fileID: 6228906650198255273, guid: 66756eec4d4803d478496d452cbce864,
        type: 3}
      propertyPath: m_RootOrder
      value: 2
      objectReference: {fileID: 0}
    - target: {fileID: 6228906650198255273, guid: 66756eec4d4803d478496d452cbce864,
        type: 3}
      propertyPath: m_AnchorMax.x
      value: 0.5
      objectReference: {fileID: 0}
    - target: {fileID: 6228906650198255273, guid: 66756eec4d4803d478496d452cbce864,
        type: 3}
      propertyPath: m_AnchorMax.y
      value: 0.5
      objectReference: {fileID: 0}
    - target: {fileID: 6228906650198255273, guid: 66756eec4d4803d478496d452cbce864,
        type: 3}
      propertyPath: m_AnchorMin.x
      value: 0.5
      objectReference: {fileID: 0}
    - target: {fileID: 6228906650198255273, guid: 66756eec4d4803d478496d452cbce864,
        type: 3}
      propertyPath: m_AnchorMin.y
      value: 0.5
      objectReference: {fileID: 0}
    - target: {fileID: 6228906650198255273, guid: 66756eec4d4803d478496d452cbce864,
        type: 3}
      propertyPath: m_SizeDelta.x
      value: 100
      objectReference: {fileID: 0}
    - target: {fileID: 6228906650198255273, guid: 66756eec4d4803d478496d452cbce864,
        type: 3}
      propertyPath: m_SizeDelta.y
      value: 100
      objectReference: {fileID: 0}
    - target: {fileID: 6228906650198255273, guid: 66756eec4d4803d478496d452cbce864,
        type: 3}
      propertyPath: m_LocalPosition.x
      value: 0
      objectReference: {fileID: 0}
    - target: {fileID: 6228906650198255273, guid: 66756eec4d4803d478496d452cbce864,
        type: 3}
      propertyPath: m_LocalPosition.y
      value: 0
      objectReference: {fileID: 0}
    - target: {fileID: 6228906650198255273, guid: 66756eec4d4803d478496d452cbce864,
        type: 3}
      propertyPath: m_LocalPosition.z
      value: 0
      objectReference: {fileID: 0}
    - target: {fileID: 6228906650198255273, guid: 66756eec4d4803d478496d452cbce864,
        type: 3}
      propertyPath: m_LocalRotation.w
      value: 1
      objectReference: {fileID: 0}
    - target: {fileID: 6228906650198255273, guid: 66756eec4d4803d478496d452cbce864,
        type: 3}
      propertyPath: m_LocalRotation.x
      value: 0
      objectReference: {fileID: 0}
    - target: {fileID: 6228906650198255273, guid: 66756eec4d4803d478496d452cbce864,
        type: 3}
      propertyPath: m_LocalRotation.y
      value: 0
      objectReference: {fileID: 0}
    - target: {fileID: 6228906650198255273, guid: 66756eec4d4803d478496d452cbce864,
        type: 3}
      propertyPath: m_LocalRotation.z
      value: 0
      objectReference: {fileID: 0}
    - target: {fileID: 6228906650198255273, guid: 66756eec4d4803d478496d452cbce864,
        type: 3}
      propertyPath: m_AnchoredPosition.x
      value: 0
      objectReference: {fileID: 0}
    - target: {fileID: 6228906650198255273, guid: 66756eec4d4803d478496d452cbce864,
        type: 3}
      propertyPath: m_AnchoredPosition.y
      value: 0
      objectReference: {fileID: 0}
    - target: {fileID: 6228906650198255273, guid: 66756eec4d4803d478496d452cbce864,
        type: 3}
      propertyPath: m_LocalEulerAnglesHint.x
      value: 0
      objectReference: {fileID: 0}
    - target: {fileID: 6228906650198255273, guid: 66756eec4d4803d478496d452cbce864,
        type: 3}
      propertyPath: m_LocalEulerAnglesHint.y
      value: 0
      objectReference: {fileID: 0}
    - target: {fileID: 6228906650198255273, guid: 66756eec4d4803d478496d452cbce864,
        type: 3}
      propertyPath: m_LocalEulerAnglesHint.z
      value: 0
      objectReference: {fileID: 0}
    - target: {fileID: 7146240089803933547, guid: 66756eec4d4803d478496d452cbce864,
        type: 3}
      propertyPath: m_Name
      value: haru
      objectReference: {fileID: 0}
    - target: {fileID: 7146240089803933547, guid: 66756eec4d4803d478496d452cbce864,
        type: 3}
      propertyPath: m_IsActive
      value: 0
      objectReference: {fileID: 0}
    m_RemovedComponents: []
  m_SourcePrefab: {fileID: 100100000, guid: 66756eec4d4803d478496d452cbce864, type: 3}
--- !u!1 &476471347299598450 stripped
GameObject:
  m_CorrespondingSourceObject: {fileID: 7146240089803933547, guid: 66756eec4d4803d478496d452cbce864,
    type: 3}
  m_PrefabInstance: {fileID: 7327443823059699481}
  m_PrefabAsset: {fileID: 0}
--- !u!224 &3729484948411261360 stripped
RectTransform:
  m_CorrespondingSourceObject: {fileID: 6228906650198255273, guid: 66756eec4d4803d478496d452cbce864,
    type: 3}
  m_PrefabInstance: {fileID: 7327443823059699481}
  m_PrefabAsset: {fileID: 0}
--- !u!1001 &7327443824337370765
PrefabInstance:
  m_ObjectHideFlags: 0
  serializedVersion: 2
  m_Modification:
    m_TransformParent: {fileID: 7327443822399084775}
    m_Modifications:
    - target: {fileID: 1853715863190082281, guid: efab57022c8a7fd41814ef8ee477dbdf,
        type: 3}
      propertyPath: m_Pivot.x
      value: 0.5
      objectReference: {fileID: 0}
    - target: {fileID: 1853715863190082281, guid: efab57022c8a7fd41814ef8ee477dbdf,
        type: 3}
      propertyPath: m_Pivot.y
      value: 0.5
      objectReference: {fileID: 0}
    - target: {fileID: 1853715863190082281, guid: efab57022c8a7fd41814ef8ee477dbdf,
        type: 3}
      propertyPath: m_RootOrder
      value: 1
      objectReference: {fileID: 0}
    - target: {fileID: 1853715863190082281, guid: efab57022c8a7fd41814ef8ee477dbdf,
        type: 3}
      propertyPath: m_AnchorMax.x
      value: 0.5
      objectReference: {fileID: 0}
    - target: {fileID: 1853715863190082281, guid: efab57022c8a7fd41814ef8ee477dbdf,
        type: 3}
      propertyPath: m_AnchorMax.y
      value: 0.5
      objectReference: {fileID: 0}
    - target: {fileID: 1853715863190082281, guid: efab57022c8a7fd41814ef8ee477dbdf,
        type: 3}
      propertyPath: m_AnchorMin.x
      value: 0.5
      objectReference: {fileID: 0}
    - target: {fileID: 1853715863190082281, guid: efab57022c8a7fd41814ef8ee477dbdf,
        type: 3}
      propertyPath: m_AnchorMin.y
      value: 0.5
      objectReference: {fileID: 0}
    - target: {fileID: 1853715863190082281, guid: efab57022c8a7fd41814ef8ee477dbdf,
        type: 3}
      propertyPath: m_SizeDelta.x
      value: 100
      objectReference: {fileID: 0}
    - target: {fileID: 1853715863190082281, guid: efab57022c8a7fd41814ef8ee477dbdf,
        type: 3}
      propertyPath: m_SizeDelta.y
      value: 100
      objectReference: {fileID: 0}
    - target: {fileID: 1853715863190082281, guid: efab57022c8a7fd41814ef8ee477dbdf,
        type: 3}
      propertyPath: m_LocalPosition.x
      value: 0
      objectReference: {fileID: 0}
    - target: {fileID: 1853715863190082281, guid: efab57022c8a7fd41814ef8ee477dbdf,
        type: 3}
      propertyPath: m_LocalPosition.y
      value: 0
      objectReference: {fileID: 0}
    - target: {fileID: 1853715863190082281, guid: efab57022c8a7fd41814ef8ee477dbdf,
        type: 3}
      propertyPath: m_LocalPosition.z
      value: 0
      objectReference: {fileID: 0}
    - target: {fileID: 1853715863190082281, guid: efab57022c8a7fd41814ef8ee477dbdf,
        type: 3}
      propertyPath: m_LocalRotation.w
      value: 1
      objectReference: {fileID: 0}
    - target: {fileID: 1853715863190082281, guid: efab57022c8a7fd41814ef8ee477dbdf,
        type: 3}
      propertyPath: m_LocalRotation.x
      value: 0
      objectReference: {fileID: 0}
    - target: {fileID: 1853715863190082281, guid: efab57022c8a7fd41814ef8ee477dbdf,
        type: 3}
      propertyPath: m_LocalRotation.y
      value: 0
      objectReference: {fileID: 0}
    - target: {fileID: 1853715863190082281, guid: efab57022c8a7fd41814ef8ee477dbdf,
        type: 3}
      propertyPath: m_LocalRotation.z
      value: 0
      objectReference: {fileID: 0}
    - target: {fileID: 1853715863190082281, guid: efab57022c8a7fd41814ef8ee477dbdf,
        type: 3}
      propertyPath: m_AnchoredPosition.x
      value: 0
      objectReference: {fileID: 0}
    - target: {fileID: 1853715863190082281, guid: efab57022c8a7fd41814ef8ee477dbdf,
        type: 3}
      propertyPath: m_AnchoredPosition.y
      value: 0
      objectReference: {fileID: 0}
    - target: {fileID: 1853715863190082281, guid: efab57022c8a7fd41814ef8ee477dbdf,
        type: 3}
      propertyPath: m_LocalEulerAnglesHint.x
      value: 0
      objectReference: {fileID: 0}
    - target: {fileID: 1853715863190082281, guid: efab57022c8a7fd41814ef8ee477dbdf,
        type: 3}
      propertyPath: m_LocalEulerAnglesHint.y
      value: 0
      objectReference: {fileID: 0}
    - target: {fileID: 1853715863190082281, guid: efab57022c8a7fd41814ef8ee477dbdf,
        type: 3}
      propertyPath: m_LocalEulerAnglesHint.z
      value: 0
      objectReference: {fileID: 0}
    - target: {fileID: 5022290500481816532, guid: efab57022c8a7fd41814ef8ee477dbdf,
        type: 3}
      propertyPath: m_Name
      value: anna
      objectReference: {fileID: 0}
    - target: {fileID: 5022290500481816532, guid: efab57022c8a7fd41814ef8ee477dbdf,
        type: 3}
      propertyPath: m_IsActive
      value: 0
      objectReference: {fileID: 0}
    m_RemovedComponents: []
  m_SourcePrefab: {fileID: 100100000, guid: efab57022c8a7fd41814ef8ee477dbdf, type: 3}
--- !u!1 &2306561867239893337 stripped
GameObject:
  m_CorrespondingSourceObject: {fileID: 5022290500481816532, guid: efab57022c8a7fd41814ef8ee477dbdf,
    type: 3}
  m_PrefabInstance: {fileID: 7327443824337370765}
  m_PrefabAsset: {fileID: 0}
--- !u!224 &8937947152243600484 stripped
RectTransform:
  m_CorrespondingSourceObject: {fileID: 1853715863190082281, guid: efab57022c8a7fd41814ef8ee477dbdf,
    type: 3}
  m_PrefabInstance: {fileID: 7327443824337370765}
  m_PrefabAsset: {fileID: 0}
--- !u!1001 &7327443824339729331
PrefabInstance:
  m_ObjectHideFlags: 0
  serializedVersion: 2
  m_Modification:
    m_TransformParent: {fileID: 7327443822399084775}
    m_Modifications:
    - target: {fileID: 3683911585875572297, guid: 3cb158f8c464f9d4391a4a8ede8a1092,
        type: 3}
      propertyPath: m_Pivot.x
      value: 0.5
      objectReference: {fileID: 0}
    - target: {fileID: 3683911585875572297, guid: 3cb158f8c464f9d4391a4a8ede8a1092,
        type: 3}
      propertyPath: m_Pivot.y
      value: 0.5
      objectReference: {fileID: 0}
    - target: {fileID: 3683911585875572297, guid: 3cb158f8c464f9d4391a4a8ede8a1092,
        type: 3}
      propertyPath: m_RootOrder
      value: 0
      objectReference: {fileID: 0}
    - target: {fileID: 3683911585875572297, guid: 3cb158f8c464f9d4391a4a8ede8a1092,
        type: 3}
      propertyPath: m_AnchorMax.x
      value: 0.5
      objectReference: {fileID: 0}
    - target: {fileID: 3683911585875572297, guid: 3cb158f8c464f9d4391a4a8ede8a1092,
        type: 3}
      propertyPath: m_AnchorMax.y
      value: 0.5
      objectReference: {fileID: 0}
    - target: {fileID: 3683911585875572297, guid: 3cb158f8c464f9d4391a4a8ede8a1092,
        type: 3}
      propertyPath: m_AnchorMin.x
      value: 0.5
      objectReference: {fileID: 0}
    - target: {fileID: 3683911585875572297, guid: 3cb158f8c464f9d4391a4a8ede8a1092,
        type: 3}
      propertyPath: m_AnchorMin.y
      value: 0.5
      objectReference: {fileID: 0}
    - target: {fileID: 3683911585875572297, guid: 3cb158f8c464f9d4391a4a8ede8a1092,
        type: 3}
      propertyPath: m_SizeDelta.x
      value: 100
      objectReference: {fileID: 0}
    - target: {fileID: 3683911585875572297, guid: 3cb158f8c464f9d4391a4a8ede8a1092,
        type: 3}
      propertyPath: m_SizeDelta.y
      value: 100
      objectReference: {fileID: 0}
    - target: {fileID: 3683911585875572297, guid: 3cb158f8c464f9d4391a4a8ede8a1092,
        type: 3}
      propertyPath: m_LocalPosition.x
      value: 0
      objectReference: {fileID: 0}
    - target: {fileID: 3683911585875572297, guid: 3cb158f8c464f9d4391a4a8ede8a1092,
        type: 3}
      propertyPath: m_LocalPosition.y
      value: 0
      objectReference: {fileID: 0}
    - target: {fileID: 3683911585875572297, guid: 3cb158f8c464f9d4391a4a8ede8a1092,
        type: 3}
      propertyPath: m_LocalPosition.z
      value: 0
      objectReference: {fileID: 0}
    - target: {fileID: 3683911585875572297, guid: 3cb158f8c464f9d4391a4a8ede8a1092,
        type: 3}
      propertyPath: m_LocalRotation.w
      value: 1
      objectReference: {fileID: 0}
    - target: {fileID: 3683911585875572297, guid: 3cb158f8c464f9d4391a4a8ede8a1092,
        type: 3}
      propertyPath: m_LocalRotation.x
      value: 0
      objectReference: {fileID: 0}
    - target: {fileID: 3683911585875572297, guid: 3cb158f8c464f9d4391a4a8ede8a1092,
        type: 3}
      propertyPath: m_LocalRotation.y
      value: 0
      objectReference: {fileID: 0}
    - target: {fileID: 3683911585875572297, guid: 3cb158f8c464f9d4391a4a8ede8a1092,
        type: 3}
      propertyPath: m_LocalRotation.z
      value: 0
      objectReference: {fileID: 0}
    - target: {fileID: 3683911585875572297, guid: 3cb158f8c464f9d4391a4a8ede8a1092,
        type: 3}
      propertyPath: m_AnchoredPosition.x
      value: 0
      objectReference: {fileID: 0}
    - target: {fileID: 3683911585875572297, guid: 3cb158f8c464f9d4391a4a8ede8a1092,
        type: 3}
      propertyPath: m_AnchoredPosition.y
      value: 0
      objectReference: {fileID: 0}
    - target: {fileID: 3683911585875572297, guid: 3cb158f8c464f9d4391a4a8ede8a1092,
        type: 3}
      propertyPath: m_LocalEulerAnglesHint.x
      value: 0
      objectReference: {fileID: 0}
    - target: {fileID: 3683911585875572297, guid: 3cb158f8c464f9d4391a4a8ede8a1092,
        type: 3}
      propertyPath: m_LocalEulerAnglesHint.y
      value: 0
      objectReference: {fileID: 0}
    - target: {fileID: 3683911585875572297, guid: 3cb158f8c464f9d4391a4a8ede8a1092,
        type: 3}
      propertyPath: m_LocalEulerAnglesHint.z
      value: 0
      objectReference: {fileID: 0}
    - target: {fileID: 7047795000567937138, guid: 3cb158f8c464f9d4391a4a8ede8a1092,
        type: 3}
      propertyPath: m_Name
      value: adam
      objectReference: {fileID: 0}
    - target: {fileID: 7047795000567937138, guid: 3cb158f8c464f9d4391a4a8ede8a1092,
        type: 3}
      propertyPath: m_IsActive
      value: 0
      objectReference: {fileID: 0}
    m_RemovedComponents: []
  m_SourcePrefab: {fileID: 100100000, guid: 3cb158f8c464f9d4391a4a8ede8a1092, type: 3}
--- !u!1 &323840687257027521 stripped
GameObject:
  m_CorrespondingSourceObject: {fileID: 7047795000567937138, guid: 3cb158f8c464f9d4391a4a8ede8a1092,
    type: 3}
  m_PrefabInstance: {fileID: 7327443824339729331}
  m_PrefabAsset: {fileID: 0}
--- !u!224 &6246401716852952570 stripped
RectTransform:
  m_CorrespondingSourceObject: {fileID: 3683911585875572297, guid: 3cb158f8c464f9d4391a4a8ede8a1092,
    type: 3}
  m_PrefabInstance: {fileID: 7327443824339729331}
  m_PrefabAsset: {fileID: 0}
