%YAML 1.1
%TAG !u! tag:unity3d.com,2011:
--- !u!114 &7122022412100656952
MonoBehaviour:
  m_ObjectHideFlags: 0
  m_CorrespondingSourceObject: {fileID: 0}
  m_PrefabInstance: {fileID: 0}
  m_PrefabAsset: {fileID: 0}
  m_GameObject: {fileID: 1915721876627335359}
  m_Enabled: 1
  m_EditorHideFlags: 0
  m_Script: {fileID: 11500000, guid: 4adb3be487e88074da9774d132f19a81, type: 3}
  m_Name: 
  m_EditorClassIdentifier: 
--- !u!114 &4622592175493678173
MonoBehaviour:
  m_ObjectHideFlags: 0
  m_CorrespondingSourceObject: {fileID: 0}
  m_PrefabInstance: {fileID: 0}
  m_PrefabAsset: {fileID: 0}
  m_GameObject: {fileID: 1915721877519351852}
  m_Enabled: 1
  m_EditorHideFlags: 0
  m_Script: {fileID: 11500000, guid: 4adb3be487e88074da9774d132f19a81, type: 3}
  m_Name: 
  m_EditorClassIdentifier: 
--- !u!114 &4725675857756605012
MonoBehaviour:
  m_ObjectHideFlags: 0
  m_CorrespondingSourceObject: {fileID: 0}
  m_PrefabInstance: {fileID: 0}
  m_PrefabAsset: {fileID: 0}
  m_GameObject: {fileID: 1915721878102141210}
  m_Enabled: 1
  m_EditorHideFlags: 0
  m_Script: {fileID: 11500000, guid: 4adb3be487e88074da9774d132f19a81, type: 3}
  m_Name: 
  m_EditorClassIdentifier: 
--- !u!1 &2022797073238851487
GameObject:
  m_ObjectHideFlags: 0
  m_CorrespondingSourceObject: {fileID: 0}
  m_PrefabInstance: {fileID: 0}
  m_PrefabAsset: {fileID: 0}
  serializedVersion: 6
  m_Component:
  - component: {fileID: 2022797073238851481}
  - component: {fileID: 2022797073238851486}
  - component: {fileID: 2022797073238851480}
  m_Layer: 0
  m_Name: 3 in 1
  m_TagString: Untagged
  m_Icon: {fileID: 0}
  m_NavMeshLayer: 0
  m_StaticEditorFlags: 0
  m_IsActive: 1
--- !u!4 &2022797073238851481
Transform:
  m_ObjectHideFlags: 0
  m_CorrespondingSourceObject: {fileID: 0}
  m_PrefabInstance: {fileID: 0}
  m_PrefabAsset: {fileID: 0}
  m_GameObject: {fileID: 2022797073238851487}
  m_LocalRotation: {x: 0, y: 0, z: 0, w: 1}
  m_LocalPosition: {x: 0, y: 0, z: 0}
  m_LocalScale: {x: 1, y: 1, z: 1}
  m_Children:
  - {fileID: 1915721878102141207}
  - {fileID: 1915721877519351841}
  - {fileID: 1915721876627335346}
  m_Father: {fileID: 0}
  m_RootOrder: 0
  m_LocalEulerAnglesHint: {x: 0, y: 0, z: 0}
--- !u!114 &2022797073238851486
MonoBehaviour:
  m_ObjectHideFlags: 0
  m_CorrespondingSourceObject: {fileID: 0}
  m_PrefabInstance: {fileID: 0}
  m_PrefabAsset: {fileID: 0}
  m_GameObject: {fileID: 2022797073238851487}
  m_Enabled: 1
  m_EditorHideFlags: 0
  m_Script: {fileID: 11500000, guid: 3db3c4dbfb54781449a8c73305327a8a, type: 3}
  m_Name: 
  m_EditorClassIdentifier: 
  arr:
  - {fileID: 1915721878102141210}
  - {fileID: 1915721877519351852}
  - {fileID: 1915721876627335359}
  fragments: {fileID: 0}
  form: 1
  speed: 50
--- !u!61 &2022797073238851480
BoxCollider2D:
  m_ObjectHideFlags: 0
  m_CorrespondingSourceObject: {fileID: 0}
  m_PrefabInstance: {fileID: 0}
  m_PrefabAsset: {fileID: 0}
  m_GameObject: {fileID: 2022797073238851487}
  m_Enabled: 1
  m_Density: 1
  m_Material: {fileID: 0}
  m_IsTrigger: 0
  m_UsedByEffector: 0
  m_UsedByComposite: 0
  m_Offset: {x: -0.012777507, y: -0.006388426}
  m_SpriteTilingProperty:
    border: {x: 0, y: 0, z: 0, w: 0}
    pivot: {x: 0, y: 0}
    oldSize: {x: 0, y: 0}
    newSize: {x: 0, y: 0}
    adaptiveTilingThreshold: 0
    drawMode: 0
    adaptiveTiling: 0
  m_AutoTiling: 0
  serializedVersion: 2
  m_Size: {x: 2.7377267, y: 0.7316747}
  m_EdgeRadius: 0
--- !u!1001 &2022797073932384698
PrefabInstance:
  m_ObjectHideFlags: 0
  serializedVersion: 2
  m_Modification:
    m_TransformParent: {fileID: 2022797073238851481}
    m_Modifications:
    - target: {fileID: 469616659810832645, guid: 15c4aebce441c7246bc19fe18cdd9307,
        type: 3}
      propertyPath: m_Name
      value: Fragment
      objectReference: {fileID: 0}
    - target: {fileID: 469616659810832648, guid: 15c4aebce441c7246bc19fe18cdd9307,
        type: 3}
      propertyPath: m_LocalPosition.x
      value: -1
      objectReference: {fileID: 0}
    - target: {fileID: 469616659810832648, guid: 15c4aebce441c7246bc19fe18cdd9307,
        type: 3}
      propertyPath: m_LocalPosition.y
      value: 0
      objectReference: {fileID: 0}
    - target: {fileID: 469616659810832648, guid: 15c4aebce441c7246bc19fe18cdd9307,
        type: 3}
      propertyPath: m_LocalPosition.z
      value: 0
      objectReference: {fileID: 0}
    - target: {fileID: 469616659810832648, guid: 15c4aebce441c7246bc19fe18cdd9307,
        type: 3}
      propertyPath: m_LocalRotation.x
      value: -0
      objectReference: {fileID: 0}
    - target: {fileID: 469616659810832648, guid: 15c4aebce441c7246bc19fe18cdd9307,
        type: 3}
      propertyPath: m_LocalRotation.y
      value: -0
      objectReference: {fileID: 0}
    - target: {fileID: 469616659810832648, guid: 15c4aebce441c7246bc19fe18cdd9307,
        type: 3}
      propertyPath: m_LocalRotation.z
      value: -0
      objectReference: {fileID: 0}
    - target: {fileID: 469616659810832648, guid: 15c4aebce441c7246bc19fe18cdd9307,
        type: 3}
      propertyPath: m_LocalRotation.w
      value: 1
      objectReference: {fileID: 0}
    - target: {fileID: 469616659810832648, guid: 15c4aebce441c7246bc19fe18cdd9307,
        type: 3}
      propertyPath: m_RootOrder
      value: 2
      objectReference: {fileID: 0}
    - target: {fileID: 469616659810832648, guid: 15c4aebce441c7246bc19fe18cdd9307,
        type: 3}
      propertyPath: m_LocalEulerAnglesHint.x
      value: 0
      objectReference: {fileID: 0}
    - target: {fileID: 469616659810832648, guid: 15c4aebce441c7246bc19fe18cdd9307,
        type: 3}
      propertyPath: m_LocalEulerAnglesHint.y
      value: 0
      objectReference: {fileID: 0}
    - target: {fileID: 469616659810832648, guid: 15c4aebce441c7246bc19fe18cdd9307,
        type: 3}
      propertyPath: m_LocalEulerAnglesHint.z
      value: 0
      objectReference: {fileID: 0}
    m_RemovedComponents:
    - {fileID: 469616659810832650, guid: 15c4aebce441c7246bc19fe18cdd9307, type: 3}
    - {fileID: 469616659810832649, guid: 15c4aebce441c7246bc19fe18cdd9307, type: 3}
    - {fileID: 9106628562620113930, guid: 15c4aebce441c7246bc19fe18cdd9307, type: 3}
  m_SourcePrefab: {fileID: 100100000, guid: 15c4aebce441c7246bc19fe18cdd9307, type: 3}
--- !u!1 &1915721876627335359 stripped
GameObject:
  m_CorrespondingSourceObject: {fileID: 469616659810832645, guid: 15c4aebce441c7246bc19fe18cdd9307,
    type: 3}
  m_PrefabInstance: {fileID: 2022797073932384698}
  m_PrefabAsset: {fileID: 0}
--- !u!4 &1915721876627335346 stripped
Transform:
  m_CorrespondingSourceObject: {fileID: 469616659810832648, guid: 15c4aebce441c7246bc19fe18cdd9307,
    type: 3}
  m_PrefabInstance: {fileID: 2022797073932384698}
  m_PrefabAsset: {fileID: 0}
--- !u!1001 &2022797074597787679
PrefabInstance:
  m_ObjectHideFlags: 0
  serializedVersion: 2
  m_Modification:
    m_TransformParent: {fileID: 2022797073238851481}
    m_Modifications:
    - target: {fileID: 469616659810832645, guid: 15c4aebce441c7246bc19fe18cdd9307,
        type: 3}
      propertyPath: m_Name
      value: Fragment (2)
      objectReference: {fileID: 0}
    - target: {fileID: 469616659810832648, guid: 15c4aebce441c7246bc19fe18cdd9307,
        type: 3}
      propertyPath: m_LocalPosition.x
      value: 1
      objectReference: {fileID: 0}
    - target: {fileID: 469616659810832648, guid: 15c4aebce441c7246bc19fe18cdd9307,
        type: 3}
      propertyPath: m_LocalPosition.y
      value: 0
      objectReference: {fileID: 0}
    - target: {fileID: 469616659810832648, guid: 15c4aebce441c7246bc19fe18cdd9307,
        type: 3}
      propertyPath: m_LocalPosition.z
      value: 0
      objectReference: {fileID: 0}
    - target: {fileID: 469616659810832648, guid: 15c4aebce441c7246bc19fe18cdd9307,
        type: 3}
      propertyPath: m_LocalRotation.x
      value: -0
      objectReference: {fileID: 0}
    - target: {fileID: 469616659810832648, guid: 15c4aebce441c7246bc19fe18cdd9307,
        type: 3}
      propertyPath: m_LocalRotation.y
      value: -0
      objectReference: {fileID: 0}
    - target: {fileID: 469616659810832648, guid: 15c4aebce441c7246bc19fe18cdd9307,
        type: 3}
      propertyPath: m_LocalRotation.z
      value: -0
      objectReference: {fileID: 0}
    - target: {fileID: 469616659810832648, guid: 15c4aebce441c7246bc19fe18cdd9307,
        type: 3}
      propertyPath: m_LocalRotation.w
      value: 1
      objectReference: {fileID: 0}
    - target: {fileID: 469616659810832648, guid: 15c4aebce441c7246bc19fe18cdd9307,
        type: 3}
      propertyPath: m_RootOrder
      value: 0
      objectReference: {fileID: 0}
    - target: {fileID: 469616659810832648, guid: 15c4aebce441c7246bc19fe18cdd9307,
        type: 3}
      propertyPath: m_LocalEulerAnglesHint.x
      value: 0
      objectReference: {fileID: 0}
    - target: {fileID: 469616659810832648, guid: 15c4aebce441c7246bc19fe18cdd9307,
        type: 3}
      propertyPath: m_LocalEulerAnglesHint.y
      value: 0
      objectReference: {fileID: 0}
    - target: {fileID: 469616659810832648, guid: 15c4aebce441c7246bc19fe18cdd9307,
        type: 3}
      propertyPath: m_LocalEulerAnglesHint.z
      value: 0
      objectReference: {fileID: 0}
    m_RemovedComponents:
    - {fileID: 0}
    - {fileID: 469616659810832649, guid: 15c4aebce441c7246bc19fe18cdd9307, type: 3}
    - {fileID: 9106628562620113930, guid: 15c4aebce441c7246bc19fe18cdd9307, type: 3}
  m_SourcePrefab: {fileID: 100100000, guid: 15c4aebce441c7246bc19fe18cdd9307, type: 3}
--- !u!1 &1915721878102141210 stripped
GameObject:
  m_CorrespondingSourceObject: {fileID: 469616659810832645, guid: 15c4aebce441c7246bc19fe18cdd9307,
    type: 3}
  m_PrefabInstance: {fileID: 2022797074597787679}
  m_PrefabAsset: {fileID: 0}
--- !u!4 &1915721878102141207 stripped
Transform:
  m_CorrespondingSourceObject: {fileID: 469616659810832648, guid: 15c4aebce441c7246bc19fe18cdd9307,
    type: 3}
  m_PrefabInstance: {fileID: 2022797074597787679}
  m_PrefabAsset: {fileID: 0}
--- !u!1001 &2022797074686087465
PrefabInstance:
  m_ObjectHideFlags: 0
  serializedVersion: 2
  m_Modification:
    m_TransformParent: {fileID: 2022797073238851481}
    m_Modifications:
    - target: {fileID: 469616659810832645, guid: 15c4aebce441c7246bc19fe18cdd9307,
        type: 3}
      propertyPath: m_Name
      value: Fragment (1)
      objectReference: {fileID: 0}
    - target: {fileID: 469616659810832648, guid: 15c4aebce441c7246bc19fe18cdd9307,
        type: 3}
      propertyPath: m_LocalPosition.x
      value: 0
      objectReference: {fileID: 0}
    - target: {fileID: 469616659810832648, guid: 15c4aebce441c7246bc19fe18cdd9307,
        type: 3}
      propertyPath: m_LocalPosition.y
      value: 0
      objectReference: {fileID: 0}
    - target: {fileID: 469616659810832648, guid: 15c4aebce441c7246bc19fe18cdd9307,
        type: 3}
      propertyPath: m_LocalPosition.z
      value: 0
      objectReference: {fileID: 0}
    - target: {fileID: 469616659810832648, guid: 15c4aebce441c7246bc19fe18cdd9307,
        type: 3}
      propertyPath: m_LocalRotation.x
      value: -0
      objectReference: {fileID: 0}
    - target: {fileID: 469616659810832648, guid: 15c4aebce441c7246bc19fe18cdd9307,
        type: 3}
      propertyPath: m_LocalRotation.y
      value: -0
      objectReference: {fileID: 0}
    - target: {fileID: 469616659810832648, guid: 15c4aebce441c7246bc19fe18cdd9307,
        type: 3}
      propertyPath: m_LocalRotation.z
      value: -0
      objectReference: {fileID: 0}
    - target: {fileID: 469616659810832648, guid: 15c4aebce441c7246bc19fe18cdd9307,
        type: 3}
      propertyPath: m_LocalRotation.w
      value: 1
      objectReference: {fileID: 0}
    - target: {fileID: 469616659810832648, guid: 15c4aebce441c7246bc19fe18cdd9307,
        type: 3}
      propertyPath: m_RootOrder
      value: 1
      objectReference: {fileID: 0}
    - target: {fileID: 469616659810832648, guid: 15c4aebce441c7246bc19fe18cdd9307,
        type: 3}
      propertyPath: m_LocalEulerAnglesHint.x
      value: 0
      objectReference: {fileID: 0}
    - target: {fileID: 469616659810832648, guid: 15c4aebce441c7246bc19fe18cdd9307,
        type: 3}
      propertyPath: m_LocalEulerAnglesHint.y
      value: 0
      objectReference: {fileID: 0}
    - target: {fileID: 469616659810832648, guid: 15c4aebce441c7246bc19fe18cdd9307,
        type: 3}
      propertyPath: m_LocalEulerAnglesHint.z
      value: 0
      objectReference: {fileID: 0}
    m_RemovedComponents:
    - {fileID: 469616659810832650, guid: 15c4aebce441c7246bc19fe18cdd9307, type: 3}
    - {fileID: 469616659810832649, guid: 15c4aebce441c7246bc19fe18cdd9307, type: 3}
    - {fileID: 9106628562620113930, guid: 15c4aebce441c7246bc19fe18cdd9307, type: 3}
  m_SourcePrefab: {fileID: 100100000, guid: 15c4aebce441c7246bc19fe18cdd9307, type: 3}
--- !u!1 &1915721877519351852 stripped
GameObject:
  m_CorrespondingSourceObject: {fileID: 469616659810832645, guid: 15c4aebce441c7246bc19fe18cdd9307,
    type: 3}
  m_PrefabInstance: {fileID: 2022797074686087465}
  m_PrefabAsset: {fileID: 0}
--- !u!4 &1915721877519351841 stripped
Transform:
  m_CorrespondingSourceObject: {fileID: 469616659810832648, guid: 15c4aebce441c7246bc19fe18cdd9307,
    type: 3}
  m_PrefabInstance: {fileID: 2022797074686087465}
  m_PrefabAsset: {fileID: 0}
